<record><leader>00000cas a22000007a 4500</leader><controlfield tag="001">16734122</controlfield><controlfield tag="008">870923d18uu1862lauwr ne      0    0eng d</controlfield><datafield ind1=" " ind2=" " tag="010"><subfield code="a">sn 87065703 </subfield></datafield><datafield ind1=" " ind2=" " tag="040"><subfield code="a">MJA</subfield><subfield code="b">eng</subfield><subfield code="c">MJA</subfield><subfield code="d">MSJ</subfield><subfield code="d">OCLCQ</subfield></datafield><datafield ind1=" " ind2=" " tag="042"><subfield code="a">msc</subfield></datafield><datafield ind1="0" ind2=" " tag="130"><subfield code="a">Weekly wanderer (Covington, La.)</subfield></datafield><datafield ind1="1" ind2="4" tag="245"><subfield code="a">The Weekly wanderer.</subfield></datafield><datafield ind1=" " ind2=" " tag="260"><subfield code="a">Covington, La. :</subfield><subfield code="b">M.J. Scott</subfield></datafield><datafield ind1=" " ind2=" " tag="310"><subfield code="a">Weekly</subfield></datafield><datafield ind1="1" ind2=" " tag="362"><subfield code="a">Ceased in 1862.</subfield></datafield><datafield ind1=" " ind2=" " tag="588"><subfield code="a">Description based on: Vol. 3, no. 52 (Apr. 19, 1862).</subfield></datafield><datafield ind1=" " ind2=" " tag="752"><subfield code="a">United States</subfield><subfield code="b">Louisiana</subfield><subfield code="c">Newton</subfield><subfield code="d">Covington.</subfield></datafield></record>